<record><leader>00000cas a22000007a 4500</leader><controlfield tag="001">22334190</controlfield><controlfield tag="008">900905d19541958ohuwr ne      0    0eng d</controlfield><datafield ind1=" " ind2=" " tag="010"><subfield code="a">sn 90068449 </subfield></datafield><datafield ind1=" " ind2=" " tag="040"><subfield code="a">ONP</subfield><subfield code="b">eng</subfield><subfield code="c">ONP</subfield><subfield code="d">OCLCQ</subfield></datafield><datafield ind1=" " ind2=" " tag="042"><subfield code="a">msc</subfield></datafield><datafield ind1="0" ind2=" " tag="130"><subfield code="a">Hillcrest sun-press (Cleveland Heights, Ohio : 1954)</subfield></datafield><datafield ind1="1" ind2="0" tag="245"><subfield code="a">Hillcrest sun-press.</subfield></datafield><datafield ind1=" " ind2=" " tag="260"><subfield code="a">Cleveland Heights, O. [Ohio] :</subfield><subfield code="b">Harry Volk,</subfield><subfield code="c">1954-1958.</subfield></datafield><datafield ind1=" " ind2=" " tag="300"><subfield code="a">v.</subfield></datafield><datafield ind1=" " ind2=" " tag="310"><subfield code="a">Weekly</subfield></datafield><datafield ind1="0" ind2=" " tag="362"><subfield code="a">Vol. 1, no. 1 (Aug. 19, 1954)-v. 5, no. 44 (Oct. 30, 1958).</subfield></datafield><datafield ind1=" " ind2=" " tag="500"><subfield code="a">Volume numbering irregular and slight title variations during the Cleveland newspaper strike of Nov. 1956.</subfield></datafield><datafield ind1=" " ind2=" " tag="752"><subfield code="a">United States</subfield><subfield code="b">Ohio</subfield><subfield code="c">Cuyahoga</subfield><subfield code="d">Cleveland Heights.</subfield></datafield><datafield ind1="0" ind2="7" tag="785"><subfield code="t">South Euclid messenger</subfield><subfield code="w">(DLC)sn 90068269</subfield></datafield><datafield ind1="0" ind2="7" tag="785"><subfield code="t">Hillcrest sun-press &amp; messenger (Cleveland Heights, Ohio : 1958)</subfield><subfield code="w">(DLC)sn 90068452</subfield></datafield></record>